<mx:record xmlns="http://www.w3.org/TR/xhtml1/strict" xmlns:mx="http://www.loc.gov/MARC21/slim" xmlns:xsi="http://www.w3.org/2001/XMLSchema-instance"><mx:leader>00000cz   2200000n  4500</mx:leader><mx:controlfield tag="001">oca00288157 </mx:controlfield><mx:controlfield tag="005">19990714052735.7</mx:controlfield><mx:controlfield tag="008">790626n| acannaabn          |a aaa |||  </mx:controlfield><mx:datafield ind1=" " ind2=" " tag="010"><mx:subfield code="a">n  79055035 </mx:subfield></mx:datafield><mx:datafield ind1=" " ind2=" " tag="040"><mx:subfield code="a">DLC</mx:subfield><mx:subfield code="c">DLC</mx:subfield><mx:subfield code="d">DLC</mx:subfield><mx:subfield code="d">ICU</mx:subfield></mx:datafield><mx:datafield ind1="0" ind2=" " tag="100"><mx:subfield code="a">Stephanus,</mx:subfield><mx:subfield code="c">de Borbone,</mx:subfield><mx:subfield code="d">d. ca. 1261</mx:subfield></mx:datafield><mx:datafield ind1="0" ind2=" " tag="400"><mx:subfield code="a">Etienne,</mx:subfield><mx:subfield code="c">de Bourbon,</mx:subfield><mx:subfield code="d">d. ca. 1261</mx:subfield></mx:datafield><mx:datafield ind1="1" ind2=" " tag="400"><mx:subfield code="a">Bourbon, Etienne de,</mx:subfield><mx:subfield code="d">d. ca. 1261</mx:subfield></mx:datafield><mx:datafield ind1="0" ind2=" " tag="400"><mx:subfield code="a">Stefano,</mx:subfield><mx:subfield code="c">di Borbone,</mx:subfield><mx:subfield code="d">d. ca. 1261</mx:subfield></mx:datafield><mx:datafield ind1="0" ind2=" " tag="400"><mx:subfield code="a">Stephan,</mx:subfield><mx:subfield code="c">von Bourbon,</mx:subfield><mx:subfield code="d">d. ca. 1261</mx:subfield></mx:datafield><mx:datafield ind1="0" ind2=" " tag="400"><mx:subfield code="a">Stephanus de Borbone,</mx:subfield><mx:subfield code="d">d. ca. 1261</mx:subfield><mx:subfield code="w">nnaa</mx:subfield></mx:datafield><mx:datafield ind1=" " ind2=" " tag="670"><mx:subfield code="a">His Anecdotes historiques, légendes et apologues ... 1877.</mx:subfield></mx:datafield><mx:datafield ind1=" " ind2=" " tag="670"><mx:subfield code="a">Prediche alle donne del secolo XIII, 1978:</mx:subfield><mx:subfield code="b">t.p. (Stefano di Borbone)</mx:subfield></mx:datafield><mx:datafield ind1=" " ind2=" " tag="670"><mx:subfield code="a">GDEL</mx:subfield><mx:subfield code="b">(Etienne de Bourbon, French Dominican, b. ca. 1190, d. ca. 1261)</mx:subfield></mx:datafield><mx:datafield ind1=" " ind2=" " tag="670"><mx:subfield code="a">Summa bonorum, 1999:</mx:subfield><mx:subfield code="b">t.p. (Stephan von Bourbon)</mx:subfield></mx:datafield><mx:datafield ind1=" " ind2=" " tag="675"><mx:subfield code="a">New Cath. encyc.</mx:subfield></mx:datafield><mx:datafield ind1=" " ind2=" " tag="999"><mx:subfield code="a">24</mx:subfield></mx:datafield></mx:record>